<record><leader>00000cas a2200000 a 4500</leader><controlfield tag="001">34641303</controlfield><controlfield tag="008">960427d1uuu1913miudr ne      0    0eng c</controlfield><datafield ind1=" " ind2=" " tag="010"><subfield code="a">sn 96076584 </subfield></datafield><datafield ind1=" " ind2=" " tag="040"><subfield code="a">MHN</subfield><subfield code="b">eng</subfield><subfield code="c">MHN</subfield><subfield code="d">OCL</subfield><subfield code="d">OCLCQ</subfield><subfield code="d">OCLCF</subfield><subfield code="d">OCLCO</subfield></datafield><datafield ind1="1" ind2=" " tag="029"><subfield code="a">AU@</subfield><subfield code="b">000012446538</subfield></datafield><datafield ind1=" " ind2=" " tag="042"><subfield code="a">pcc</subfield></datafield><datafield ind1=" " ind2=" " tag="043"><subfield code="a">n-us-mi</subfield></datafield><datafield ind1="0" ind2=" " tag="130"><subfield code="a">Detroit news tribune (Detroit, Mich. : State ed.)</subfield></datafield><datafield ind1="1" ind2="4" tag="245"><subfield code="a">The Detroit news tribune.</subfield></datafield><datafield ind1=" " ind2=" " tag="250"><subfield code="a">State ed.</subfield></datafield><datafield ind1=" " ind2=" " tag="260"><subfield code="a">Detroit, Mich. :</subfield><subfield code="b">Evening News Assoc.</subfield></datafield><datafield ind1=" " ind2=" " tag="300"><subfield code="a">v.</subfield></datafield><datafield ind1=" " ind2=" " tag="310"><subfield code="a">Daily</subfield></datafield><datafield ind1="0" ind2=" " tag="362"><subfield code="a">-78th yr., no. 112 (Sept. 30, 1913) = 41st yr., no. 39.</subfield></datafield><datafield ind1=" " ind2=" " tag="515"><subfield code="a">Issues for &lt;Nov. 1, 1912&gt;-Aug. 22, 1913 carry numbering for: Detroit tribune, and Evening news.</subfield></datafield><datafield ind1=" " ind2=" " tag="515"><subfield code="a">Issues for Aug. 23-Sept. 30, 1913, carry numbering for: Detroit tribune, and: Detroit news.</subfield></datafield><datafield ind1=" " ind2=" " tag="515"><subfield code="a">Sunday issues lack enumeration.</subfield></datafield><datafield ind1=" " ind2=" " tag="580"><subfield code="a">Daily ed.: Detroit news (Detroit, Mich. : 1905).</subfield></datafield><datafield ind1=" " ind2=" " tag="580"><subfield code="a">Other ed.: Detroit news-tribune (Detroit, Mich. : 1905).</subfield></datafield><datafield ind1=" " ind2=" " tag="588"><subfield code="a">Description based on: 77th yr., no. 144 (Nov. 1, 1912) = 40th yr., no. 74.</subfield></datafield><datafield ind1=" " ind2="0" tag="651"><subfield code="a">Detroit (Mich.)</subfield><subfield code="v">Newspapers.</subfield></datafield><datafield ind1=" " ind2="0" tag="651"><subfield code="a">Wayne County (Mich.)</subfield><subfield code="v">Newspapers.</subfield></datafield><datafield ind1=" " ind2="7" tag="655"><subfield code="a">Newspapers.</subfield><subfield code="2">fast</subfield><subfield code="0">(OCoLC)fst01423814</subfield></datafield><datafield ind1=" " ind2="7" tag="651"><subfield code="a">Michigan</subfield><subfield code="z">Detroit.</subfield><subfield code="2">fast</subfield><subfield code="0">(OCoLC)fst01205010</subfield></datafield><datafield ind1=" " ind2="7" tag="651"><subfield code="a">Michigan</subfield><subfield code="z">Wayne County.</subfield><subfield code="2">fast</subfield><subfield code="0">(OCoLC)fst01206628</subfield></datafield><datafield ind1=" " ind2=" " tag="752"><subfield code="a">United States</subfield><subfield code="b">Michigan</subfield><subfield code="c">Wayne</subfield><subfield code="d">Detroit.</subfield></datafield><datafield ind1="1" ind2=" " tag="775"><subfield code="t">Detroit news (Detroit, Mich. : 1905)</subfield><subfield code="w">(DLC)sn 83016183</subfield><subfield code="w">(OCoLC)9611687</subfield></datafield><datafield ind1="1" ind2=" " tag="775"><subfield code="t">Detroit news-tribune (Detroit, Mich. : 1905)</subfield><subfield code="w">(DLC)sn 94060760</subfield><subfield code="w">(OCoLC)31394159</subfield></datafield><datafield ind1="0" ind2="0" tag="785"><subfield code="t">Detroit tribune (Detroit, Mich. : 1913 : State ed.)</subfield><subfield code="w">(DLC)sn 98066971</subfield><subfield code="w">(OCoLC)40336258</subfield></datafield></record>